% Encoding: UTF-8

@book{brooks1999cambrian,
  title={Cambrian intelligence: The early history of the new AI},
  author={Brooks, Rodney Allen and others},
  year={1999},
  publisher={MIT press}
}

@article{beal_hover_triantafyllou_liao_lauder_2006, 
title={Passive propulsion in vortex wakes}, 
volume={549}, DOI={10.1017/S0022112005007925}, 
journal={Journal of Fluid Mechanics}, 
publisher={Cambridge University Press}, 
author={BEAL, D. N. and HOVER, F. S. and TRIANTAFYLLOU, M. S. and LIAO, J. C. and LAUDER, G. V.}, 
year={2006}, 
pages={385â€“402}
}

@article{muller2018screw,
  title={Screw and lie group theory in multibody dynamics},
  author={M{\"u}ller, Andreas},
  journal={Multibody System Dynamics},
  volume={42},
  number={2},
  pages={219--248},
  year={2018},
  publisher={Springer}
}

@phdthesis{kumar2019modular,
  title={Modular and Analytical Methods for Solving Kinematics and Dynamics of Series-Parallel Hybrid Robots},
  author={Kumar, Shivesh},
  year={2019},
  school={Universit{\"a}t Bremen}
}

@article{KODITSCHEK2004251,
title = "Mechanical aspects of legged locomotion control",
journal = "Arthropod Structure and Development",
volume = "33",
number = "3",
pages = "251 - 272",
year = "2004",
note = "Arthropod Locomotion Systems: from Biological Materials and Systems to Robotics",
issn = "1467-8039",
doi = "https://doi.org/10.1016/j.asd.2004.06.003",
author = "Daniel E. Koditschek and Robert J. Full and Martin Buehler",
}

@article{orin2013centroidal,
  title={Centroidal dynamics of a humanoid robot},
  author={Orin, David E and Goswami, Ambarish and Lee, Sung-Hee},
  journal={Autonomous robots},
  volume={35},
  number={2-3},
  pages={161--176},
  year={2013},
  publisher={Springer}
}

@inproceedings{kumar2019model,
  title={Model Simplification For Dynamic Control of Series-Parallel Hybrid Robots-A Representative Study on the Effects of Neglected Dynamics Shivesh},
  author={Kumar, Shivesh and Martensen, Julius and Mueller, Andreas and Kirchner, Frank},
  booktitle={2019 IEEE/RSJ International Conference on Intelligent Robots and Systems (IROS)},
  pages={5701--5708},
  year={2019},
  organization={IEEE}
}

@article{Burridge1999,
	author = {Burridge, R. R. and Rizzi, A. A. and Koditschek, D. E.},
	doi = {10.1177/02783649922066385},
	issn = {02783649},
	journal = {International Journal of Robotics Research},
	number = {6},
	pages = {534--555},
	title = {{Sequential composition of dynamically dexterous robot behaviors}},
	volume = {18},
	year = {1999}
}

@article{Tedrake2010a,
	author = {Tedrake, Russ and Manchester, Ian R. and Tobenkin, Mark and Roberts, John W.},
	doi = {10.1177/0278364910369189},
	isbn = {0278364910369},
	issn = {02783649},
	journal = {International Journal of Robotics Research},
	number = {8},
	pages = {1038--1052},
	title = {{LQR-trees: Feedback motion planning via sums-of-squares verification}},
	volume = {29},
	year = {2010}
}

@article{todorov2004optimality,
  title={Optimality principles in sensorimotor control},
  author={Todorov, Emanuel},
  journal={Nature neuroscience},
  volume={7},
  number={9},
  pages={907--915},
  year={2004},
  publisher={Nature Publishing Group}
}

